@article{mai2022DEEM,
author = {Qing Mai, Xin Zhang, Yuqing Pan and Kai Deng},
title = {A Doubly Enhanced EM Algorithm for Model-Based Tensor Clustering},
journal = {Journal of the American Statistical Association},
volume = {117},
number = {540},
pages = {2120-2134},
year = {2022},
publisher = {Taylor & Francis},
doi = {10.1080/01621459.2021.1904959}}

@article{dempster1977EM,
    author = {Dempster, A.P. and Laird, N.M. and Rubin, D.B.},
    title = {Maximum Likelihood From Incomplete Data Via the EM Algorithm},
    journal = {Journal of the Royal Statistical Society},
    volume ={39},
    number = {1},
    pages ={1--22},
    year = {1977}
}

@article{kolda2009review,
  author = {Kolda, Tamara G. and Bader, Brett W.},
    title = {Tensor Decompositions and Applications},
    journal = {SIAM Review},
    volume = {51},
    number = {3},
    pages = {455-500},
    year = {2009},
    doi = {10.1137/07070111X},
    URL = { https://doi.org/10.1137/07070111X},
    eprint = { https://doi.org/10.1137/07070111X}}

@article{emclustering,
    author = {Yang, Miin-Shen. and Lai, Chien-Yo and Lin, Chih-Ying},
    title = {A robust EM clustering algorithm for Gaussian mixture models},
    journal = {Pattern Recognition},
    volume = {45},
    issue= {11},
    pages = {3950-3961},
    year = {2012},
    doi = {https://doi.org/10.1016/j.patcog.2012.04.031}
}